@inproceedings{zhu2021deep,
  title     = {Deep Recommendation Model Based on Local Attention and GRU},
  author    = {Zhu, Jinghua and Hou, Huafeng and Xi, Heran},
  booktitle = {2021 the 5th International Conference on Innovation in Artificial Intelligence},
  pages     = {177--183},
  year      = {2021}
}
@misc{kim2014convolution,
  doi       = {10.48550/ARXIV.1408.5882},
  url       = {https://arxiv.org/abs/1408.5882},
  author    = {Kim, Yoon},
  keywords  = {Computation and Language (cs.CL), Neural and Evolutionary Computing (cs.NE), FOS: Computer and information sciences, FOS: Computer and information sciences},
  title     = {Convolutional Neural Networks for Sentence Classification},
  publisher = {arXiv},
  year      = {2014},
  copyright = {arXiv.org perpetual, non-exclusive license}
}
@article{ji2019twitter,
  title   = {Twitter emotional analysis based on multi-channel LSTM-CNN model},
  author  = {Ji, XF and Li, MD and Tao, WG and Li, C},
  journal = {J. Langfang Nor. Univ.(Nat. Sci)},
  volume  = {19},
  number  = {2},
  year    = {2019}
}
@article{liu2022redrl,
  title     = {REDRL: A review-enhanced deep reinforcement learning model for interactive recommendation},
  author    = {Liu, Huiting and Cai, Kun and Li, Peipei and Qian, Cheng and Zhao, Peng and Wu, Xindong},
  journal   = {Expert Systems with Applications},
  pages     = {118926},
  year      = {2022},
  publisher = {Elsevier}
}
@inproceedings{ni2019justifying,
  title     = {Justifying recommendations using distantly-labeled reviews and fine-grained aspects},
  author    = {Ni, Jianmo and Li, Jiacheng and McAuley, Julian},
  booktitle = {Proceedings of the 2019 conference on empirical methods in natural language processing and the 9th international joint conference on natural language processing (EMNLP-IJCNLP)},
  pages     = {188--197},
  year      = {2019}
}