@article{holst2021redundancy,
  title     = {A redundancy metric set within possibility theory for multi-sensor systems},
  author    = {Holst, Christoph-Alexander and Lohweg, Volker},
  journal   = {Sensors},
  volume    = {21},
  number    = {7},
  pages     = {2508},
  year      = {2021},
  publisher = {MDPI}
}
@article{ma2017content,
  title     = {Content and structure coverage: Extracting a diverse information subset},
  author    = {Ma, Baojun and Wei, Qiang and Chen, Guoqing and Zhang, Jin and Guo, Xunhua},
  journal   = {INFORMS Journal on Computing},
  volume    = {29},
  number    = {4},
  pages     = {660--675},
  year      = {2017},
  publisher = {INFORMS}
}
@phdthesis{刘颖1997关于有限集点分布均匀性的度量方法,
  title  = {关于有限集点分布均匀性的度量方法},
  author = {刘颖 and 张正 and 马恩林},
  year   = {1997}
}
@article{yager1992specificity,
  title     = {On the specificity of a possibility distribution},
  author    = {Yager, Ronald R},
  journal   = {Fuzzy sets and systems},
  volume    = {50},
  number    = {3},
  pages     = {279--292},
  year      = {1992},
  publisher = {Elsevier}
}
@incollection{yager1998measures,
  title     = {Measures of specificity},
  author    = {Yager, Ronald R},
  booktitle = {Computational intelligence: Soft computing and fuzzy-neuro integration with applications},
  pages     = {94--113},
  year      = {1998},
  publisher = {Springer}
}
@article{yager2008measures,
  title     = {Measures of specificity over continuous spaces under similarity relations},
  author    = {Yager, Ronald R},
  journal   = {Fuzzy Sets and Systems},
  volume    = {159},
  number    = {17},
  pages     = {2193--2210},
  year      = {2008},
  publisher = {Elsevier}
}
@article{higashi1982measures,
  title     = {Measures of uncertainty and information based on possibility distributions},
  author    = {Higashi, Masahiko and Klir, George J},
  journal   = {International journal of general systems},
  volume    = {9},
  number    = {1},
  pages     = {43--58},
  year      = {1982},
  publisher = {Taylor \& Francis}
}
@article{higashi1983notion,
  title     = {On the notion of distance representing information closeness: Possibility and probability distributions},
  author    = {Higashi, Masahiko and Klir, George J},
  journal   = {International Journal of General System},
  volume    = {9},
  number    = {2},
  pages     = {103--115},
  year      = {1983},
  publisher = {Taylor \& Francis}
}