@article{porteus1990,
  title     = {Stochastic inventory theory},
  author    = {Porteus, Evan L},
  journal   = {Handbooks in operations research and management science},
  volume    = {2},
  pages     = {605--652},
  year      = {1990},
  publisher = {Elsevier}
}
@article{anupindi2008,
  title     = {Capacity investment under postponement strategies, market competition, and demand uncertainty},
  author    = {Anupindi, Ravi and Jiang, Li},
  journal   = {Management Science},
  volume    = {54},
  number    = {11},
  pages     = {1876--1890},
  year      = {2008},
  publisher = {INFORMS}
}
@article{iyer2003,
  title     = {A postponement model for demand management},
  author    = {Iyer, Ananth V and Deshpande, Vinayak and Wu, Zhengping},
  journal   = {Management Science},
  volume    = {49},
  number    = {8},
  pages     = {983--1002},
  year      = {2003},
  publisher = {INFORMS}
}
@article{ulku2005,
  title     = {The impact of outsourced manufacturing on timing of entry in uncertain markets},
  author    = {{\"U}lk{\"u}, Sezer and Toktay, L Beril and Y{\"u}cesan, Enver},
  journal   = {Production and Operations Management},
  volume    = {14},
  number    = {3},
  pages     = {301--314},
  year      = {2005},
  publisher = {Wiley Online Library}
}
@article{van1999,
  title     = {Price versus production postponement: Capacity and competition},
  author    = {Van Mieghem, Jan A and Dada, Maqbool},
  journal   = {Management Science},
  volume    = {45},
  number    = {12},
  pages     = {1639--1649},
  year      = {1999},
  publisher = {INFORMS}
}
@article{boyaci2010,
  title     = {Information acquisition for capacity planning via pricing and advance selling: When to stop and act?},
  author    = {Boyac{\i}, Tamer and {\"O}zer, {\"O}zalp},
  journal   = {Operations Research},
  volume    = {58},
  number    = {5},
  pages     = {1328--1349},
  year      = {2010},
  publisher = {INFORMS}
}
@article{oh2013,
  title     = {Mechanism design for capacity planning under dynamic evolutions of asymmetric demand forecasts},
  author    = {Oh, Sechan and {\"O}zer, {\"O}zalp},
  journal   = {Management Science},
  volume    = {59},
  number    = {4},
  pages     = {987--1007},
  year      = {2013},
  publisher = {INFORMS}
}
@article{wang2009,
  title     = {To wait or not to wait: Optimal ordering under lead time uncertainty and forecast updating},
  author    = {Wang, Yimin and Tomlin, Brian},
  journal   = {Naval Research Logistics (NRL)},
  volume    = {56},
  number    = {8},
  pages     = {766--779},
  year      = {2009},
  publisher = {Wiley Online Library}
}
@article{wang2012,
  title     = {A multiordering newsvendor model with dynamic forecast evolution},
  author    = {Wang, Tong and Atasu, Atalay and Kurtulu{\c{s}}, M{\"u}min},
  journal   = {Manufacturing \& Service Operations Management},
  volume    = {14},
  number    = {3},
  pages     = {472--484},
  year      = {2012},
  publisher = {INFORMS}
}
@article{song2012,
  title     = {Newsvendor problems with sequentially revealed demand information},
  author    = {Song, Jing-Sheng and Zipkin, Paul H},
  journal   = {Naval Research Logistics (NRL)},
  volume    = {59},
  number    = {8},
  pages     = {601--612},
  year      = {2012},
  publisher = {Wiley Online Library}
}
@article{hadley1961,
  title     = {An optimal final inventory model},
  author    = {Hadley, G and Whitin, TM},
  journal   = {Management Science},
  volume    = {7},
  number    = {2},
  pages     = {179--183},
  year      = {1961},
  publisher = {INFORMS}
}
@article{hadley1962,
  title     = {Generalizations of the optimal final inventory model},
  author    = {Hadley, G},
  journal   = {Management Science},
  volume    = {8},
  number    = {4},
  pages     = {454--457},
  year      = {1962},
  publisher = {INFORMS}
}
@article{hadley1962family,
  title     = {A family of dynamic inventory models},
  author    = {Hadley, George and Whitin, Thomson M},
  journal   = {Management Science},
  volume    = {8},
  number    = {4},
  pages     = {458--469},
  year      = {1962},
  publisher = {INFORMS}
}
@article{pierskalla1969,
  title     = {An inventory problem with obsolescence},
  author    = {Pierskalla, William P},
  journal   = {Naval Research Logistics Quarterly},
  volume    = {16},
  number    = {2},
  pages     = {217--228},
  year      = {1969},
  publisher = {Wiley Online Library}
}
@article{nahmias1977,
  title     = {On ordering perishable inventory when both demand and lifetime are random},
  author    = {Nahmias, Steven},
  journal   = {Management Science},
  volume    = {24},
  number    = {1},
  pages     = {82--90},
  year      = {1977},
  publisher = {INFORMS}
}
@article{nahmias1982,
  title     = {Perishable inventory theory: A review},
  author    = {Nahmias, Steven},
  journal   = {Operations research},
  volume    = {30},
  number    = {4},
  pages     = {680--708},
  year      = {1982},
  publisher = {INFORMS}
}
@article{song1996,
  title     = {Managing inventory with the prospect of obsolescence},
  author    = {Song, Jing-Sheng and Zipkin, Paul H},
  journal   = {Operations Research},
  volume    = {44},
  number    = {1},
  pages     = {215--222},
  year      = {1996},
  publisher = {INFORMS}
}